
@book{moffat_wall_2009,
	location = {Edinburgh},
	edition = {Pbk. ed.},
	title = {The wall: Rome's greatest frontier},
	isbn = {978-1-84158-789-9},
	shorttitle = {The wall},
	pagetotal = {270},
	publisher = {Birlinn},
	author = {Moffat, Alistair},
	date = {2009},
	keywords = {History, England, Northern, Fortification, Roman, Great Britain, Hadrian's Wall (England), Roman period, 55 B.C.-449 A.D, Romans},
	annotation = {Page 5 - Records from Vinolandra predate Emperor Hadrian by 20 years. Tell about the daily lives of the garrison and of the natives.
},
	annotation = {Page 51 - Brittunculi - ‘The wretched Britons’ / ‘The Nasty Little Brits’
Brits heavily relied on cavalry and wore little armour. Horses were small by modern standards and would likely be considered ponies ({\textless} 14.2 hands high)
},
	annotation = {Page 52 - Petition intended for Emperor Hadrian, Expected to visit the fort {AD}122
Was considered acceptable to beat a Brit, not unexpected given treatment of natives throughout other empires. (more details on page 122). The petition likely did not reach Hadrian, was found in centurion’s quarters.
},
	annotation = {Page 53 - Native warbands were feared by Roman commanders
},
	annotation = {Page 122 - New spacious quarters built pending Hadrian’s arrival in 122AD. Attention to detail taken due to the emperor’s interest in architecture.
Hadrian would receive petitions from his subjects in person
},
}

@book{danziger_hadrians_2006,
	location = {London},
	title = {Hadrian's empire: when Rome ruled the world},
	isbn = {978-0-340-83361-2},
	series = {A Hodder paperback},
	shorttitle = {Hadrian's empire},
	pagetotal = {302},
	publisher = {Hodder \& Stoughton},
	author = {Danziger, Danny and Purcell, Nicholas},
	date = {2006},
	annotation = {Page 172 - Britain was considered distant by the Romans compared to other places they had conquered or were conquering
Brits were taller than the rest of the Roman population. Had a fearsome reputation.
},
	annotation = {Page 173 - Julius Caesar’s advisors (circa 55 {BC}) calculated that the revenue from making Britain a province wouldn’t cover the costs of the legion needed to station there. May have underestimated the value of metals such as lead.
Emperor Claudius ({AD} 41 - {AD} 54) needed 4 legions in Britain
},
	annotation = {Page 174 - Romans did not conquer Scottish highlands as there was nothing to tax
},
	annotation = {Page 175 - (from Tacutus) - Agricola pressured British chiefs to build in the Roman style, was used to subjugate them
},
	annotation = {Page 176 - Hadrian visited Britain in {AD}122, the province faced heavy Roman casualties during his reign.
},
	annotation = {Page 177 - Detailed description of the wall’s composition
Vindolandria had auxiliaries and legionaries from Belgium, Gaul, Spain, and Danube. Some from Mesopotania
},
	annotation = {Page 178 - Many saw Hadrian’s military strategy as abandoning the expansionism of his predecessors.
},
}

@online{noauthor_steamdb_nodate,
	title = {{SteamDB} Technologies},
	url = {https://steamdb.info/tech/},
	abstract = {{SteamDB} detects various technologies such as engines and {SDKs} used by games on Steam from depot file lists.},
	titleaddon = {{SteamDB}},
	urldate = {2025-05-12},
	langid = {english},
	file = {Snapshot:/home/kieran/Zotero/storage/A7EPQE3A/tech.html:text/html},
}
